@article{gnncovid,
  title={Graph Neural Networks for COVID-19 Forecasting: A Survey and Guidance},
  author={Wang, Linyuan and Chen, Jingyuan and Zhao, Jiawei},
  journal={IEEE Transactions on Pattern Analysis and Machine Intelligence},
  year={2023},
  publisher={IEEE}
}

@article{compartmentalmodel,
  title={A review of epidemiological models to analyze and predict the COVID-19 pandemic crisis},
  author={Samui, Pijush and Mondal, Jyotirmoy and Khajanchi, Subhas},
  journal={Archives of Computational Methods in Engineering},
  volume={28},
  pages={1793--1811},
  year={2021},
  publisher={Springer}
}

@article{sirbasedmodel,
  title={A modified SIR model for COVID-19 with spatiotemporal heterogeneity: Theory and validation using real-world data},
  author={Yang, Zifeng and Zeng, Zhiqi and Wang, Ke and Wong, Sook-San and Liang, Wenhua and Zanin, Mark and Liu, Peng and Cao, Xudong and Gao, Zhongqiang and Mai, Zhitong and others},
  journal={PLOS Computational Biology},
  volume={16},
  number={12},
  pages={e1008474},
  year={2020},
  publisher={Public Library of Science San Francisco, CA USA}
}

@article{attention_mechanisms,
  title={Attention is all you need},
  author={Vaswani, Ashish and Shazeer, Noam and Parmar, Niki and Uszkoreit, Jakob and Jones, Llion and Gomez, Aidan N and Kaiser, {\L}ukasz and Polosukhin, Illia},
  journal={Advances in neural information processing systems},
  volume={30},
  year={2017}
}

@article{gnn_survey,
  title={A comprehensive survey on graph neural networks},
  author={Wu, Zonghan and Pan, Shirui and Chen, Fengwen and Long, Guodong and Zhang, Chengqi and Yu, Philip S},
  journal={IEEE transactions on neural networks and learning systems},
  volume={32},
  number={1},
  pages={4--24},
  year={2020},
  publisher={IEEE}
}

@article{temporal_gnn,
  title={Spatio-temporal graph convolutional networks: A deep learning framework for traffic forecasting},
  author={Yu, Bing and Yin, Haoteng and Zhu, Zhanxing},
  journal={arXiv preprint arXiv:1709.04875},
  year={2017}
}

@article{epignn,
  title={EpiGNN: Exploring Spatial Transmission with Graph Neural Network for Regional Epidemic Forecasting},
  author={Wang, Yating and Xu, Kaiqi and Shang, Chao and Chen, Biao and Shen, Huaiyu},
  journal={AAAI},
  year={2021}
}

@article{cola_gnn,
  title={Cola-GNN: Cross-location attention based graph neural networks for long-term ILI prediction},
  author={Deng, Songgaojun and Wang, Shusen and Rangwala, Huzefa and Wang, Lijing and Ning, Yue},
  journal={Proceedings of the 29th ACM International Conference on Information and Knowledge Management},
  pages={245--254},
  year={2020}
}

@article{saiflu_net,
  title={SAIFlu-Net: Spatial-Attention Based Influenza-Like Illness Network for Regional Outbreak Prediction},
  author={Li, Yuanfang and Chen, Wei and Jin, Xiaofeng and Luo, Ganghong},
  journal={IEEE Journal of Biomedical and Health Informatics},
  volume={24},
  number={8},
  pages={2271--2282},
  year={2020},
  publisher={IEEE}
}
